<record><leader>00000cas a22000007a 4500</leader><controlfield tag="001">20776960</controlfield><controlfield tag="008">891213d19761979mduwr ne      0    0eng d</controlfield><datafield ind1=" " ind2=" " tag="010"><subfield code="a">sn 89060353 </subfield></datafield><datafield ind1=" " ind2=" " tag="040"><subfield code="a">MFN</subfield><subfield code="b">eng</subfield><subfield code="c">MFN</subfield><subfield code="d">OCLCQ</subfield></datafield><datafield ind1=" " ind2=" " tag="042"><subfield code="a">msc</subfield></datafield><datafield ind1="0" ind2=" " tag="130"><subfield code="a">Star (Baltimore, Md. : 1976)</subfield></datafield><datafield ind1="1" ind2="4" tag="245"><subfield code="a">The star.</subfield></datafield><datafield ind1=" " ind2=" " tag="250"><subfield code="a">Northwest ed.</subfield></datafield><datafield ind1=" " ind2=" " tag="260"><subfield code="a">Baltimore, Md. :</subfield><subfield code="b">Star Publications</subfield></datafield><datafield ind1=" " ind2=" " tag="300"><subfield code="a">v.</subfield></datafield><datafield ind1=" " ind2=" " tag="310"><subfield code="a">Weekly</subfield></datafield><datafield ind1="0" ind2=" " tag="362"><subfield code="a">Vol. 10, no. 13 (Jan. 15, 1976)-</subfield></datafield><datafield ind1="1" ind2=" " tag="362"><subfield code="a">Ceased in 1979?</subfield></datafield><datafield ind1=" " ind2=" " tag="500"><subfield code="a">Issues for Mar.-Dec. 1979 lack edition statement.</subfield></datafield><datafield ind1=" " ind2=" " tag="580"><subfield code="a">Weekly eds.: Star (Towson, Md.); Star, valley voice.</subfield></datafield><datafield ind1=" " ind2=" " tag="752"><subfield code="a">United States</subfield><subfield code="b">Maryland</subfield><subfield code="d">Baltimore.</subfield></datafield><datafield ind1="1" ind2=" " tag="775"><subfield code="t">Star (Towson, Md.)</subfield><subfield code="w">(DLC)sn 89060354</subfield></datafield><datafield ind1="1" ind2=" " tag="775"><subfield code="t">Star, valley voice</subfield><subfield code="w">(DLC)sn 89060416</subfield></datafield><datafield ind1="0" ind2="0" tag="780"><subfield code="t">Northwest star (Pikesville, Md. : 1966)</subfield><subfield code="w">(DLC)sn 89060352</subfield></datafield><datafield ind1="0" ind2="0" tag="785"><subfield code="t">Northwest star (Pikesville, Md. : 1980)</subfield><subfield code="w">(DLC)sn 89060355</subfield></datafield></record>